@online{FastQC,
author = {Babraham Bioinformatics},
title = {FastQC -  	A quality control tool for high throughput sequence data},
date = {16.11.2015},
url = {http://www.bioinformatics.babraham.ac.uk/projects/fastqc/},
}
